@article{vidAbstraction,
  title={Video abstraction: A systematic review and classification},
  author={Truong, Ba Tu and Venkatesh, Svetha},
  journal={ACM Transactions on Multimedia Computing, Communications, and Applications},
  volume={3},
  number={1},
  pages={3},
  year={2007},
  publisher={ACM}
}


@article{beyondSearch,
  title={Beyond search: event-driven summarization for web videos},
  author={Hong, Richang and Tang, Jinhui and Tan, Hung-Khoon and Ngo, Chong-Wah and Yan, Shuicheng and Chua, Tat-Seng},
  journal={ACM Transactions on Multimedia Computing, Communications, and Applications (TOMM)},
  volume={7},
  number={4},
  pages={35},
  year={2011},
  publisher={ACM}
}


@ARTICLE{deepAlignment,
   author = {{Karpathy}, A. and {Fei-Fei}, L.},
    title = "{Deep Visual-Semantic Alignments for Generating Image Descriptions}",
  journal = {ArXiv e-prints},
archivePrefix = "arXiv",
   eprint = {1412.2306},
 primaryClass = "cs.CV",
 keywords = {Computer Science - Computer Vision and Pattern Recognition},
     year = 2014,
    month = dec,
   adsurl = {http://adsabs.harvard.edu/abs/2014arXiv1412.2306K},
  adsnote = {Provided by the SAO/NASA Astrophysics Data System}
}



@incollection{farhadi2010every,
  title={Every picture tells a story: Generating sentences from images},
  author={Farhadi, Ali and Hejrati, Mohsen and Sadeghi, Mohammad Amin and Young, Peter and Rashtchian, Cyrus and Hockenmaier, Julia and Forsyth, David},
  booktitle={Computer Vision--ECCV 2010},
  pages={15--29},
  year={2010},
  publisher={Springer}
}


@article{socher2014grounded,
  title={Grounded compositional semantics for finding and describing images with sentences},
  author={Socher, Richard and Karpathy, Andrej and Le, Quoc V and Manning, Christopher D and Ng, Andrew Y},
  journal={Transactions of the Association for Computational Linguistics},
  volume={2},
  pages={207--218},
  year={2014}
}


@inproceedings{kiros2014multimodal,
  title={Multimodal neural language models},
  author={Kiros, Ryan and Salakhutdinov, Ruslan and Zemel, Rich},
  booktitle={Proceedings of the 31st International Conference on Machine Learning (ICML-14)},
  pages={595--603},
  year={2014}
}


@inproceedings{ordonez2011im2text,
  title={Im2text: Describing images using 1 million captioned photographs},
  author={Ordonez, Vicente and Kulkarni, Girish and Berg, Tamara L},
  booktitle={Advances in Neural Information Processing Systems},
  pages={1143--1151},
  year={2011}
}


@inproceedings{yu2013grounded,
  title={Grounded Language Learning from Video Described with Sentences.},
  author={Yu, Haonan and Siskind, Jeffrey Mark},
  booktitle={ACL (1)},
  pages={53--63},
  year={2013}
}


@inproceedings{motwani2012improving,
  title={Improving Video Activity Recognition using Object Recognition and Text Mining.},
  author={Motwani, Tanvi S and Mooney, Raymond J},
  booktitle={ECAI},
  pages={600--605},
  year={2012}
}


@inproceedings{fidler2013sentence,
  title={A sentence is worth a thousand pixels},
  author={Fidler, Sanja and Sharma, Abhishek and Urtasun, Raquel},
  booktitle={Computer Vision and Pattern Recognition (CVPR), 2013 IEEE Conference on},
  pages={1995--2002},
  year={2013},
  organization={IEEE}
}

@inproceedings{zitnick2013bringing,
  title={Bringing semantics into focus using visual abstraction},
  author={Zitnick, C Lawrence and Parikh, Devi},
  booktitle={Computer Vision and Pattern Recognition (CVPR), 2013 IEEE Conference on},
  pages={3009--3016},
  year={2013},
  organization={IEEE}
}

@inproceedings{kong2014you,
  title={What are you talking about? text-to-image coreference},
  author={Kong, Chen and Lin, Dahua and Bansal, Mohit and Urtasun, Raquel and Fidler, Sanja},
  booktitle={Computer Vision and Pattern Recognition (CVPR), 2014 IEEE Conference on},
  pages={3558--3565},
  year={2014},
  organization={IEEE}
}


@inproceedings{zitnick2013learning,
  title={Learning the visual interpretation of sentences},
  author={Zitnick, C Lawrence and Parikh, Devi and Vanderwende, Lucy},
  booktitle={Computer Vision (ICCV), 2013 IEEE International Conference on},
  pages={1681--1688},
  year={2013},
  organization={IEEE}
}


@article{matching,
  title={Matching words and pictures},
  author={Barnard, Kobus and Duygulu, Pinar and Forsyth, David and De Freitas, Nando and Blei, David M and Jordan, Michael I},
  journal={The Journal of Machine Learning Research},
  volume={3},
  pages={1107--1135},
  year={2003},
  publisher={JMLR. org}
}


@inproceedings{connecting,
  title={Connecting modalities: Semi-supervised segmentation and annotation of images using unaligned text corpora},
  author={Socher, Richard and Fei-Fei, Li},
  booktitle={Computer Vision and Pattern Recognition (CVPR), 2010 IEEE Conference on},
  pages={966--973},
  year={2010},
  organization={IEEE}
}


@incollection{createSum,
  title={Creating summaries from user videos},
  author={Gygli, Michael and Grabner, Helmut and Riemenschneider, Hayko and Van Gool, Luc},
  booktitle={Computer Vision--ECCV 2014},
  pages={505--520},
  year={2014},
  publisher={Springer}
}

@inproceedings{lee2012discovering,
  title={Discovering important people and objects for egocentric video summarization.},
  author={Lee, Yong Jae and Ghosh, Joydeep and Grauman, Kristen},
  booktitle={CVPR},
  volume={2},
  pages={6},
  year={2012}
}

@inproceedings{rui2000automatically,
  title={Automatically extracting highlights for TV baseball programs},
  author={Rui, Yong and Gupta, Anoop and Acero, Alex},
  booktitle={Proceedings of the eighth ACM international conference on Multimedia},
  pages={105--115},
  year={2000},
  organization={ACM}
}

@incollection{potapov2014category,
  title={Category-specific video summarization},
  author={Potapov, Danila and Douze, Matthijs and Harchaoui, Zaid and Schmid, Cordelia},
  booktitle={Computer Vision--ECCV 2014},
  pages={540--555},
  year={2014},
  publisher={Springer}
}


@inproceedings{kim2014joint,
  title={Joint summarization of large-scale collections of web images and videos for storyline reconstruction},
  author={Kim, Gunhee and Sigal, Leonid and Xing, Eric P},
  booktitle={Computer Vision and Pattern Recognition (CVPR), 2014 IEEE Conference on},
  pages={4225--4232},
  year={2014},
  organization={IEEE}
}


@inproceedings{lu2013story,
  title={Story-driven summarization for egocentric video},
  author={Lu, Zheng and Grauman, Kristen},
  booktitle={Computer Vision and Pattern Recognition (CVPR), 2013 IEEE Conference on},
  pages={2714--2721},
  year={2013},
  organization={IEEE}
}

@inproceedings{khosla2013large,
  title={Large-scale video summarization using web-image priors},
  author={Khosla, Aditya and Hamid, Raffay and Lin, Chih-Jen and Sundaresan, Neel},
  booktitle={Computer Vision and Pattern Recognition (CVPR), 2013 IEEE Conference on},
  pages={2698--2705},
  year={2013},
  organization={IEEE}
}

@inproceedings{logicRecipe,
  title={Understanding and executing instructions for everyday manipulation tasks from the world wide web},
  author={Tenorth, Moritz and Nyga, Daniel and Beetz, Michael},
  booktitle={Robotics and Automation (ICRA), 2010 IEEE International Conference on},
  pages={1486--1491},
  year={2010},
  organization={IEEE}
}

@inproceedings{flowGraph,
  title={Flow graph corpus from recipe texts},
  author={Mori, Shinsuke and Maeta, Hirokuni and Yamakata, Yoko and Sasada, Tetsuro},
  booktitle={Proceedings of the Nineth International Conference on Language Resources and Evaluation},
  pages={2370--2377},
  year={2014}
}

@inproceedings{cookie,
  title={Bakebot: Baking cookies with the pr2},
  author={Bollini, Mario and Barry, Jennifer and Rus, Daniela},
  booktitle={The PR2 Workshop: Results, Challenges and Lessons Learned in Advancing Robots with a Common Platform, IROS},
  year={2011}
}


@inproceedings{beetz,
  title={Robotic roommates making pancakes},
  author={Beetz, Michael and Klank, Ulrich and Kresse, Ingo and Maldonado, Alexis and Mosenlechner, L and Pangercic, Dejan and Ruhr, T and Tenorth, Moritz},
  booktitle={Humanoid Robots (Humanoids), 2011 11th IEEE-RAS International Conference on},
  pages={529--536},
  year={2011},
  organization={IEEE}
}


@article{cookingSemantics,
  title={Cooking with semantics},
  author={Malmaud, Jon and Wagner, Earl J and Chang, Nancy and Murphy, Kevin},
  journal={ACL 2014},
  pages={33},
  year={2014}
}


@ARTICLE{alignment,
   author = {{Malmaud}, J. and {Huang}, J. and {Rathod}, V. and {Johnston}, N. and
	{Rabinovich}, A. and {Murphy}, K.},
    title = "{What's Cookin'? Interpreting Cooking Videos using Text, Speech and Vision}",
  journal = {ArXiv e-prints},
archivePrefix = "arXiv",
   eprint = {1503.01558},
 primaryClass = "cs.CL",
 keywords = {Computer Science - Computation and Language, Computer Science - Computer Vision and Pattern Recognition, Computer Science - Information Retrieval},
     year = 2015,
    month = mar,
   adsurl = {http://adsabs.harvard.edu/abs/2015arXiv150301558M},
  adsnote = {Provided by the SAO/NASA Astrophysics Data System}
}

@inproceedings{storyGraph,
  title={Reconstructing Storyline Graphs for Image Recommendation from Web Community Photos},
  author={Kim, Gunhee and Xing, Eric P},
  booktitle={Computer Vision and Pattern Recognition (CVPR), 2014 IEEE Conference on},
  pages={3882--3889},
  year={2014},
  organization={IEEE}
}

@article{photoshop,
  title={Generating photo manipulation tutorials by demonstration},
  author={Grabler, Floraine and Agrawala, Maneesh and Li, Wilmot and Dontcheva, Mira and Igarashi, Takeo},
  journal={ACM Transactions on Graphics (TOG)},
  volume={28},
  number={3},
  pages={66},
  year={2009},
  publisher={ACM}
}

@inproceedings{keysegments,
  title={Key-segments for video object segmentation},
  author={Lee, Yong Jae and Kim, Jaechul and Grauman, Kristen},
  booktitle={Computer Vision (ICCV), 2011 IEEE International Conference on},
  pages={1995--2002},
  year={2011},
  organization={IEEE}
}



@article{foxBPHMM,
title={Joint Modeling of Multiple Related Time Series via the Beta Process with Application to Motion Capture Segmentation},
author={Fox, E.B. and Hughes, M.C. and Sudderth, E.B. and Jordan, M.I.},
journal={Annals of Applied Statistics},
volume={8},
number={3},
pages={1281--1313},
year={2014},
}

@misc{wikiHow,
  title = {WikiHow-How to do anything},
  howpublished = {\url{http://www.wikihow.com}}
}
@INPROCEEDINGS{rabiner,
    author = {Lawrence R. Rabiner},
    title = {A tutorial on hidden Markov models and selected applications in speech recognition},
    booktitle = {PROCEEDINGS OF THE IEEE},
    year = {1989},
    pages = {257--286},
    publisher = {}
}

@inproceedings{cpmc,
  title={Constrained parametric min-cuts for automatic object segmentation},
  author={Carreira, Joao and Sminchisescu, Cristian},
  booktitle={Computer Vision and Pattern Recognition (CVPR), 2010 IEEE Conference on},
  pages={3241--3248},
  year={2010},
  organization={IEEE}
}


@inproceedings{npActivity,
  title={Nonparametric discovery of activity patterns from video collections},
  author={Hughes, Michael C and Sudderth, Erik B},
  booktitle={Computer Vision and Pattern Recognition Workshops (CVPRW), 2012 IEEE Computer Society Conference on},
  pages={25--32},
  year={2012},
  organization={IEEE}
}


@article{ibp,
  title={Infinite latent feature models and the Indian buffet process},
  author={Griffiths, Thomas and Ghahramani, Zoubin},
  year={2005},
  publisher={Gatsby Unit}
}



@inproceedings{scgp,
  title={Single-Cluster Spectral Graph Partitioning for Robotics Applications.},
  author={Olson, Edwin and Walter, Matthew and Teller, Seth J and Leonard, John J},
  booktitle={Robotics: Science and Systems},
  pages={265--272},
  year={2005}
}


@incollection{scgp_eigen,
  title={A factorization approach to grouping},
  author={Perona, Pietro and Freeman, William},
  booktitle={Computer Vision—ECCV'98},
  pages={655--670},
  year={1998},
  publisher={Springer}
}
